@ARTICLE{10794632,
  author={},
  journal={IEEE Std 802.15.4-2024 (Revision of IEEE Std 802.15.4-2020)}, 
  title={IEEE Standard for Low‐Rate Wireless Networks}, 
  year={2024},
  volume={},
  number={},
  pages={1-967},
  keywords={IEEE Standards;Wireless networks;Ad hoc networks;Low power electronics;Personal area networks;Radio frequency;Wireless personal area networks;ad hoc network;IEEE 802.15.4™;low data rate;low power;LR-WPAN;mobility;PAN;personal area network;radio frequency;RF;short range;wireless;wireless network;wireless personal area network;WPAN},
  doi={10.1109/IEEESTD.2024.10794632}}